@misc{O.LSignal,
author = {Ole kiel Jensen and Ming Shen},
title = {EIT/ITC Signal Processing},
year = {2015},
howpublished = {Presentation},
note = {Slides located on CD},
}

@book{YDing,
author = {Yongwang Ding and Ramesh Harjani},
title = {High-Linearity CMOS RF Front-End Circuits},
date = {2006},
OPTeditor = {editor},                  %-------------------NOTES-------------------%  
OPTeditora = {editora},                %  The tag (here YDing) should be the       %
OPTeditorb = {editorb},                %  [1st letter of the authors 1st name] +   %
OPTeditorc = {editorc},                %  [his last name in camel case].           %
OPTtranslator = {translator},          %  With multiple authors (like here) only   %
OPTannotator = {annotator},            %  use the first one.                       %
OPTcommentator = {commentator},        %  (This is done in order to prevent the    %
OPTintroduction = {introduction},      %  same source appearing twice - should it  %
OPTforeword = {foreword},              %  happen, an error will be generated)      %
OPTafterword = {afterword},            %-------------------------------------------%
OPTsubtitle = {subtitle},              %  Using the auto generated entries         %
OPTtitleaddon = {titleaddon},          %  and filling in as much as possible       %
OPTmaintitle = {maintitle},            %  will make it easier to manage while      %   
OPTmainsubtitle = {mainsubtitle},      %  also avoiding a whole lot of errors.     %
OPTmaintitleaddon = {maintitleaddon},  %-------------------------------------------%
OPTlanguage = {language},              %  To compile the bibliography you need the %
OPToriglanguage = {origlanguage},      %  biber.exe file to be in your editors     %
OPTvolume = {volume},                  %  directory. In Windows 8/10 it might not  %
OPTpart = {part},                      %  let you do this, so you need to open     %
OPTedition = {edition},                %  command prompt with administrative       %---------------%
OPTvolumes = {volumes},                %  privileges and write something like:                     %
OPTseries = {series},                  %  C:\>move biber.exe "C:/Program Files (x86)/TeXstudio"    %
OPTnumber = {number},                  %  For mac setup should be relatively                       %
OPTnote = {note},                      %  straightforward, for more information    %---------------%
OPTpublisher = {publisher},            %  google: mac and biber.                   %
OPTlocation = {location},              %------------------------------------------ %
OPTisbn = {9780387238029},
OPTchapter = {chapter},
OPTpages = {pages},
OPTpagetotal = {pagetotal},
OPTaddendum = {addendum},
OPTpubstate = {pubstate},
OPTdoi = {doi},
OPTeprint = {eprint},
OPTeprintclass = {eprintclass},
OPTeprinttype = {eprinttype},
OPTurl = {url},
OPTurldate = {urldate},
}


%--------for cart-pendulum------------------------------------

@article{AShiriaev,
  author = {Anthon Shiriaev, John W. Perram, Carlos Canudas-de-Wit},
  title = {Constructive Tool for Orbital Stabilization of Underactuated Nonlinear Systems: Virtual Constraints Approach},
  journaltitle = {IEEE Transactions on Automation and Control VOL. 50, NO 8. August},
  date = {2005},
  OPTtranslator = {translator},
  OPTannotator = {annotator},
  OPTcommentator = {commentator},
  OPTsubtitle = {subtitle},
  OPTtitleaddon = {titleaddon},
  OPTeditor = {editor},
  OPTeditora = {editora},
  OPTeditorb = {editorb},
  OPTeditorc = {editorc},
  OPTjournalsubtitle = {journalsubtitle},
  OPTissuetitle = {issuetitle},
  OPTissuesubtitle = {issuesubtitle},
  OPTlanguage = {language},
  OPToriglanguage = {origlanguage},
  OPTseries = {series},
  OPTvolume = {volume},
  OPTnumber = {number},
  OPTeid = {eid},
  OPTissue = {issue},
  OPTmonth = {month},
  OPTpages = {pages},
  OPTversion = {version},
  OPTnote = {note},
  OPTissn = {issn},
  OPTaddendum = {addendum},
  OPTpubstate = {pubstate},
  OPTdoi = {doi},
  OPTeprint = {eprint},
  OPTeprintclass = {eprintclass},
  OPTeprinttype = {eprinttype},
  OPTurl = {url},
  OPTurldate = {urldate},
}


@book{CMClose,
  author = {Charles M. Close and Dean K. Frederick and Jonathan C. Newell},
  title = {Modeling and Analysis of Dynamic Systems},
  date = {2001},
  OPTeditor = {editor},
  OPTeditora = {editora},
  OPTeditorb = {editorb},
  OPTeditorc = {editorc},
  OPTtranslator = {translator},
  OPTannotator = {annotator},
  OPTcommentator = {commentator},
  OPTintroduction = {introduction},
  OPTforeword = {foreword},
  OPTafterword = {afterword},
  OPTsubtitle = {subtitle},
  OPTtitleaddon = {titleaddon},
  OPTmaintitle = {maintitle},
  OPTmainsubtitle = {mainsubtitle},
  OPTmaintitleaddon = {maintitleaddon},
  OPTlanguage = {language},
  OPToriglanguage = {origlanguage},
  OPTvolume = {volume},
  OPTpart = {part},
  OPTedition = {edition},
  OPTvolumes = {volumes},
  OPTseries = {series},
  OPTnumber = {number},
  OPTnote = {note},
  publisher = {Wiley},
  OPTlocation = {location},
  OPTisbn = {isbn},
  OPTchapter = {chapter},
  OPTpages = {pages},
  OPTpagetotal = {pagetotal},
  OPTaddendum = {addendum},
  OPTpubstate = {pubstate},
  OPTdoi = {doi},
  OPTeprint = {eprint},
  OPTeprintclass = {eprintclass},
  OPTeprinttype = {eprinttype},
  OPTurl = {url},
  OPTurldate = {urldate},
}




@misc{HOlsson,
  author = {H. Olsson and K.J. Åström and C. Canudas de Wit and M. Gäfvert and P. Lischinsky},
  ALTeditor = {editor},
  title = {Friction Models and Friction Compensation},
  date = {1997-11-28},
  OPTsubtitle = {subtitle},
  OPTtitleaddon = {titleaddon},
  OPTlanguage = {language},
  OPThowpublished = {howpublished},
  OPTtype = {type},
  OPTversion = {version},
  OPTnote = {note},
  OPTorganization = {organization},
  OPTlocation = {location},
  OPTdate = {date},
  OPTmonth = {month},
  OPTyear = {year},
  OPTaddendum = {addendum},
  OPTpubstate = {pubstate},
  OPTdoi = {doi},
  OPTeprint = {eprint},
  OPTeprintclass = {eprintclass},
  OPTeprinttype = {eprinttype},
  OPTurl = {url},
  OPTurldate = {urldate},
}



@book{HKKhalil,
  author = {Hassan K. Khalil},
  title = {Nonlinear Systems},
  date = {2015},
  OPTeditor = {editor},
  OPTeditora = {editora},
  OPTeditorb = {editorb},
  OPTeditorc = {editorc},
  OPTtranslator = {translator},
  OPTannotator = {annotator},
  OPTcommentator = {commentator},
  OPTintroduction = {introduction},
  OPTforeword = {foreword},
  OPTafterword = {afterword},
  OPTsubtitle = {subtitle},
  OPTtitleaddon = {titleaddon},
  OPTmaintitle = {maintitle},
  OPTmainsubtitle = {mainsubtitle},
  OPTmaintitleaddon = {maintitleaddon},
  OPTlanguage = {language},
  OPToriglanguage = {origlanguage},
  OPTvolume = {volume},
  OPTpart = {part},
  edition = {3},
  OPTvolumes = {volumes},
  OPTseries = {series},
  OPTnumber = {number},
  OPTnote = {note},
  OPTpublisher = {publisher},
  OPTlocation = {location},
  OPTisbn = {isbn},
  OPTchapter = {chapter},
  OPTpages = {pages},
  OPTpagetotal = {pagetotal},
  OPTaddendum = {addendum},
  OPTpubstate = {pubstate},
  OPTdoi = {doi},
  OPTeprint = {eprint},
  OPTeprintclass = {eprintclass},
  OPTeprinttype = {eprinttype},
  OPTurl = {url},
  OPTurldate = {urldate},
}

@misc{RWisniewski,
  author = {Rafael Wisniewski},
  ALTeditor = {editor},
  title = {Mechanical Systems II},
  date = {2013},
  subtitle = {Lagrange Mechanics},
  OPTtitleaddon = {titleaddon},
  OPTlanguage = {language},
  OPThowpublished = {howpublished},
  OPTtype = {type},
  OPTversion = {version},
  OPTnote = {note},
  organization = {Aalborg University},
  OPTlocation = {location},
  OPTdate = {date},
  OPTmonth = {month},
  OPTyear = {year},
  OPTaddendum = {addendum},
  OPTpubstate = {pubstate},
  OPTdoi = {doi},
  OPTeprint = {eprint},
  OPTeprintclass = {eprintclass},
  OPTeprinttype = {eprinttype},
  OPTurl = {url},
  OPTurldate = {urldate},
}



@misc{JHHorgensen,
  author = {Jesper H. Hørgensen, Jonas Ørndrup},
  ALTeditor = {editor},
  title = {Non-linear Control and Machine Learning on an Inverted Pendulum on a Cart},
  date = {2018},
  subtitle = {Master Thesis},
  OPTtitleaddon = {titleaddon},
  OPTlanguage = {language},
  OPThowpublished = {howpublished},
  OPTtype = {type},
  OPTversion = {version},
  OPTnote = {note},
  OPTorganization = {organization},
  OPTlocation = {location},
  OPTdate = {date},
  OPTmonth = {month},
  OPTyear = {year},
  OPTaddendum = {addendum},
  OPTpubstate = {pubstate},
  OPTdoi = {doi},
  OPTeprint = {eprint},
  OPTeprintclass = {eprintclass},
  OPTeprinttype = {eprinttype},
  OPTurl = {url},
  OPTurldate = {urldate},
}


@online{avagoDataSheet,
  ALTauthor = {author},
  ALTeditor = {editor},
  title = {HCTL-2021 PLC Avago Datasheet},
  date = {2018-08-15},
  url = {https://datasheet.octopart.com/HCTL-2021-PLC-Avago-datasheet-7580518.pdf},
  OPTsubtitle = {subtitle},
  OPTtitleaddon = {titleaddon},
  OPTlanguage = {language},
  OPTversion = {version},
  OPTnote = {note},
  OPTorganization = {organization},
  OPTdate = {date},
  OPTmonth = {month},
  OPTyear = {year},
  OPTaddendum = {addendum},
  OPTpubstate = {pubstate},
  OPTurldate = {urldate},
}

@online{teensyDataSheet,
  ALTauthor = {author},
  ALTeditor = {editor},
  title = {K66 Sub-Family Reference Manual},
  date = {2018-08-15},
  url = {https://cdn.sparkfun.com/datasheets/Dev/Arduino/Boards/K66P144M180SF5RMV2.pdf},
  OPTsubtitle = {subtitle},
  OPTtitleaddon = {titleaddon},
  OPTlanguage = {language},
  OPTversion = {version},
  OPTnote = {note},
  OPTorganization = {organization},
  OPTdate = {date},
  OPTmonth = {month},
  OPTyear = {year},
  OPTaddendum = {addendum},
  OPTpubstate = {pubstate},
  OPTurldate = {urldate},
}

@online{sprkfunTeensy,
  ALTauthor = {author},
  ALTeditor = {editor},
  title = {sparkfun Teensy 3.6},
  date = {2018-08-15},
  url = {https://www.sparkfun.com/products/14057},
  OPTsubtitle = {subtitle},
  OPTtitleaddon = {titleaddon},
  OPTlanguage = {language},
  OPTversion = {version},
  OPTnote = {note},
  OPTorganization = {organization},
  OPTdate = {date},
  OPTmonth = {month},
  OPTyear = {year},
  OPTaddendum = {addendum},
  OPTpubstate = {pubstate},
  OPTurldate = {urldate},
}

@online{maxonMotor,
  ALTauthor = {author},
  ALTeditor = {editor},
  title = {Maxon Motor},
  date = {2018-08-15},
  url = {https://www.maxonmotor.com/maxon/view/product/motor/dcmotor/re/re50/370356},
  OPTsubtitle = {subtitle},
  OPTtitleaddon = {titleaddon},
  OPTlanguage = {language},
  OPTversion = {version},
  OPTnote = {note},
  OPTorganization = {organization},
  OPTdate = {date},
  OPTmonth = {month},
  OPTyear = {year},
  OPTaddendum = {addendum},
  OPTpubstate = {pubstate},
  OPTurldate = {urldate},
}

@online{maxonMotorController,
  ALTauthor = {author},
  ALTeditor = {editor},
  title = {Maxon Controller},
  date = {2018-08-15},
  url = {https://www.maxonmotor.com/maxon/view/product/control/Servoverstaerker-4-Q-DC/201583},
  OPTsubtitle = {subtitle},
  OPTtitleaddon = {titleaddon},
  OPTlanguage = {language},
  OPTversion = {version},
  OPTnote = {note},
  OPTorganization = {organization},
  OPTdate = {date},
  OPTmonth = {month},
  OPTyear = {year},
  OPTaddendum = {addendum},
  OPTpubstate = {pubstate},
  OPTurldate = {urldate},
}

@online{avagoTechnologies,
  author = {Avago Technologies},
  ALTeditor = {editor},
  title = {HEDM-55xx/560x \& HEDS-55xx/56xx},
  date = {2018-08-15},
  url = {https://www.infineon.com/dgdl/Infineon-Encoder_HEDS-5540-A14-AP-v01_00-EN.pdf?fileId=5546d46147a9c2e40147d3d593970357},
  OPTsubtitle = {subtitle},
  OPTtitleaddon = {titleaddon},
  OPTlanguage = {language},
  OPTversion = {version},
  OPTnote = {note},
  OPTorganization = {organization},
  OPTdate = {date},
  OPTmonth = {month},
  OPTyear = {year},
  OPTaddendum = {addendum},
  OPTpubstate = {pubstate},
  OPTurldate = {urldate},
}

%p. 254
@book{MWSpong,
  author = {Mark W. Spong and Seth Hutchinson and M. Vidyasagar},
  title = {Robot Dynamics and Control},
  date = {2005},
  OPTeditor = {editor},
  OPTeditora = {editora},
  OPTeditorb = {editorb},
  OPTeditorc = {editorc},
  OPTtranslator = {translator},
  OPTannotator = {annotator},
  OPTcommentator = {commentator},
  OPTintroduction = {introduction},
  OPTforeword = {foreword},
  OPTafterword = {afterword},
  OPTsubtitle = {subtitle},
  OPTtitleaddon = {titleaddon},
  OPTmaintitle = {maintitle},
  OPTmainsubtitle = {mainsubtitle},
  OPTmaintitleaddon = {maintitleaddon},
  OPTlanguage = {language},
  OPToriglanguage = {origlanguage},
  OPTvolume = {volume},
  OPTpart = {part},
  edition = {2},
  OPTvolumes = {volumes},
  OPTseries = {series},
  OPTnumber = {number},
  OPTnote = {note},
  publisher = {Wiley},
  OPTlocation = {location},
  OPTisbn = {isbn},
  OPTchapter = {chapter},
  OPTpages = {pages},
  OPTpagetotal = {pagetotal},
  OPTaddendum = {addendum},
  OPTpubstate = {pubstate},
  OPTdoi = {doi},
  OPTeprint = {eprint},
  OPTeprintclass = {eprintclass},
  OPTeprinttype = {eprinttype},
  OPTurl = {url},
  OPTurldate = {urldate},
}

%p 215
@book{LSciavicco,
  author = {Lorenzo Sciavicco and Bruno Siciliano},
  title = {Modelling and Control of Robot Manipulators},
  date = {2012},
  OPTeditor = {editor},
  OPTeditora = {editora},
  OPTeditorb = {editorb},
  OPTeditorc = {editorc},
  OPTtranslator = {translator},
  OPTannotator = {annotator},
  OPTcommentator = {commentator},
  OPTintroduction = {introduction},
  OPTforeword = {foreword},
  OPTafterword = {afterword},
  OPTsubtitle = {subtitle},
  OPTtitleaddon = {titleaddon},
  OPTmaintitle = {maintitle},
  OPTmainsubtitle = {mainsubtitle},
  OPTmaintitleaddon = {maintitleaddon},
  OPTlanguage = {language},
  OPToriglanguage = {origlanguage},
  OPTvolume = {volume},
  OPTpart = {part},
  edition = {2},
  OPTvolumes = {volumes},
  series = {Lorenzo Sciavicco and Bruno Siciliano},
  OPTnumber = {number},
  OPTnote = {note},
  publisher = {Springer},
  location = {London},
  OPTisbn = {isbn},
  OPTchapter = {chapter},
  OPTpages = {pages},
  OPTpagetotal = {pagetotal},
  OPTaddendum = {addendum},
  OPTpubstate = {pubstate},
  OPTdoi = {doi},
  OPTeprint = {eprint},
  OPTeprintclass = {eprintclass},
  OPTeprinttype = {eprinttype},
  OPTurl = {url},
  OPTurldate = {urldate},
}


%---------old-------------------------------------------------

% Articles %
@article{Miller,
	author 	= {Keith M. Miller},
	title 	= {A Review of GLONASS},
	journaltitle = {Hydrographic Journal},
	year 	= {2000},
}

@online{ArduinoIDE,
  editor  = {Arduino},
  title   = {Arduino IDE},
  year    = {October 2015},
  url     = {https://www.arduino.cc/en/Main/Software},
}

@online{Atmega,
  editor  = {Atmel},
  title   = {Atmega 2560 datasheet},
  year    = {2014},
  month   = {February},
  url     = {http://www.atmel.com/images/atmel-2549-8-bit-avr-microcontroller-atmega640-1280-1281-2560-2561_datasheet.pdf},
}